@article{kwon2013cloud,
  title={Cloud refactoring: automated transitioning to cloud-based services},
  author={Kwon, Young-Woo and Tilevich, Eli},
  journal={Automated Software Engineering},
  pages={1--28},
  year={2013},
  publisher={Springer}
}

@inproceedings{Tillmann2011TPC20482372048245,
 author = {Tillmann, Nikolai and Moskal, Michal and de Halleux, Jonathan and Fahndrich, Manuel},
 title = {TouchDevelop: Programming Cloud-connected Mobile Devices via Touchscreen},
 booktitle = {Proceedings of the 10th SIGPLAN Symposium on New Ideas, New Paradigms, and Reflections on Programming and Software},
 series = {ONWARD '11},
 year = {2011},
 isbn = {978-1-4503-0941-7},
 location = {Portland, Oregon, USA},
 pages = {49--60},
 numpages = {12},
 url = {http://doi.acm.org/10.1145/2048237.2048245},
 doi = {10.1145/2048237.2048245},
 acmid = {2048245},
 publisher = {ACM},
 address = {New York, NY, USA},
 keywords = {cloud, mobile devices, touchscreen, type inference},
} 

@article{Armbrust:2010:VCC:1721654.1721672,
 author = {Armbrust, Michael and Fox, Armando and Griffith, Rean and Joseph, Anthony D. and Katz, Randy and Konwinski, Andy and Lee, Gunho and Patterson, David and Rabkin, Ariel and Stoica, Ion and Zaharia, Matei},
 title = {A View of Cloud Computing},
 journal = {Commun. ACM},
 issue_date = {April 2010},
 volume = {53},
 number = {4},
 month = apr,
 year = {2010},
 issn = {0001-0782},
 pages = {50--58},
 numpages = {9},
 url = {http://doi.acm.org/10.1145/1721654.1721672},
 doi = {10.1145/1721654.1721672},
 acmid = {1721672},
 publisher = {ACM},
 address = {New York, NY, USA},
} 

@article{zhang2010cloud,
  title={Cloud computing: state-of-the-art and research challenges},
  author={Zhang, Qi and Cheng, Lu and Boutaba, Raouf},
  journal={Journal of Internet Services and Applications},
  volume={1},
  number={1},
  pages={7--18},
  year={2010},
  publisher={Springer}
}

@ARTICLE{4804045, 
author={Grossman, R.L.}, 
journal={IT Professional}, 
title={The Case for Cloud Computing}, 
year={2009}, 
volume={11}, 
number={2}, 
pages={23-27}, 
keywords={Internet;Internet;cloud computing;data center;distributed computer cluster;on-demand resource;on-demand service;Cloud computing;Costs;Data security;Distributed computing;File systems;Grid computing;Pricing;Resource management;Web and internet services;Writing;IT Professional;cloud computing;on-demand computing capacity;on-demand computing instances;utility computing}, 
doi={10.1109/MITP.2009.40}, 
ISSN={1520-9202},}

@incollection{burckhardt2012cloud,
  title={Cloud types for eventual consistency},
  author={Burckhardt, Sebastian and F{\"a}hndrich, Manuel and Leijen, Daan and Wood, Benjamin P},
  booktitle={ECOOP 2012--Object-Oriented Programming},
  pages={283--307},
  year={2012},
  publisher={Springer}
}

@inproceedings{chun2011clonecloud,
  title={Clonecloud: elastic execution between mobile device and cloud},
  author={Chun, Byung-Gon and Ihm, Sunghwan and Maniatis, Petros and Naik, Mayur and Patti, Ashwin},
  booktitle={Proceedings of the sixth conference on Computer systems},
  pages={301--314},
  year={2011},
  organization={ACM}
}

@inproceedings{strauchmigrating,
  title={Migrating Application Data to the Cloud Using Cloud Data},
  author={Strauch, Steve and Andrikopoulos, Vasilios and Bachmann, Thomas},
  booktitle={Proceedings of the 3rd International Conference on Cloud},
  pages={36--46}
}

@inproceedings{ling2010refactoring,
  title={Refactoring from object-oriented systems to service-oriented systems: A categorical approach},
  author={Ling, Haifeng and Zhou, Xianzhong and Zheng, Yujun},
  booktitle={Service Sciences (ICSS), 2010 International Conference on},
  pages={214--218},
  year={2010},
  organization={IEEE}
}
@inproceedings{Franklin,
 author = {Franklin, Lyle and Gyori, Alex and Lahoda, Jan and Dig, Danny},
 title = {LAMBDAFICATOR: From Imperative to Functional Programming Through Automated Refactoring},
 booktitle = {Proceedings of the 2013 International Conference on Software Engineering},
 series = {ICSE '13},
 year = {2013},
 isbn = {978-1-4673-3076-3},
 location = {San Francisco, CA, USA},
 pages = {1287--1290},
 numpages = {4},
 url = {http://dl.acm.org/citation.cfm?id=2486788.2486986},
 acmid = {2486986},
 publisher = {IEEE Press},
 address = {Piscataway, NJ, USA},
} 


